@inproceedings{bowman2003information,
  title={Information-rich virtual environments: theory, tools, and research agenda},
  author={Bowman, Doug A and North, Chris and Chen, Jian and Polys, Nicholas F and Pyla, Pardha S and Yilmaz, Umur},
  booktitle={Proceedings of the ACM symposium on Virtual reality software and technology},
  pages={81--90},
  year={2003},
  organization={ACM}
}
@inproceedings{feiner2003flexible,
  title={The flexible pointer: An interaction technique for selection in augmented and virtual reality},
  author={Feiner, Alex Olwal Steven},
  booktitle={Proc. UIST'03},
  pages={81--82},
  year={2003}
}
@inproceedings{poupyrev1996go,
  title={The go-go interaction technique: non-linear mapping for direct manipulation in VR},
  author={Poupyrev, Ivan and Billinghurst, Mark and Weghorst, Suzanne and Ichikawa, Tadao},
  booktitle={Proceedings of the 9th annual ACM symposium on User interface software and technology},
  pages={79--80},
  year={1996},
  organization={ACM}
}
@inproceedings{razzaque2001redirected,
  title={Redirected walking},
  author={Razzaque, Sharif and Kohn, Zachariah and Whitton, Mary C},
  booktitle={Proceedings of EUROGRAPHICS},
  volume={9},
  pages={105--106},
  year={2001},
  organization={Manchester, UK}
}
@inproceedings{darken1997omni,
  title={The omni-directional treadmill: a locomotion device for virtual worlds},
  author={Darken, Rudolph P and Cockayne, William R and Carmein, David},
  booktitle={Proceedings of the 10th annual ACM symposium on User interface software and technology},
  pages={213--221},
  year={1997},
  organization={ACM}
}
@article{card1984visual,
  title={Visual search of computer command menus},
  author={Card, Stuart K},
  journal={Attention and performance X: Control of language processes},
  pages={97--108},
  year={1984},
  publisher={Lawrence Erlbaum London}
}
@article{bederson2011promise,
  title={The promise of zoomable user interfaces},
  author={Bederson, Benjamin B},
  journal={Behaviour \& Information Technology},
  volume={30},
  number={6},
  pages={853--866},
  year={2011},
  publisher={Taylor \& Francis}
}
@article{angsusser2012map,
  title={Map Folding Techniques in the Digital Age},
  author={Angs{\"u}sser, Stephan},
  year = {2012}
}
@article{scarr2013supporting,
  title={Supporting and exploiting spatial memory in user interfaces},
  author={Scarr, Joey and Cockburn, Andy and Gutwin, Carl and others},
  journal={Foundations and Trends{\textregistered} in Human--Computer Interaction},
  volume={6},
  number={1},
  pages={1--84},
  year={2013},
  publisher={Now Publishers, Inc.}
}
@inproceedings{tavanti20012d,
  title={2D vs 3D, implications on spatial memory},
  author={Tavanti, Monica and Lind, Mats},
  booktitle={Information Visualization, 2001. INFOVIS 2001. IEEE Symposium on},
  pages={139--145},
  year={2001},
  organization={IEEE}
}
@book{norman2013design,
  title={The design of everyday things: Revised and expanded edition},
  author={Norman, Don},
  year={2013},
  publisher={Basic Books (AZ)}
}
@inproceedings{bowman1997evaluation,
  title={An evaluation of techniques for grabbing and manipulating remote objects in immersive virtual environments},
  author={Bowman, Doug A and Hodges, Larry F},
  booktitle={Proceedings of the 1997 symposium on Interactive 3D graphics},
  pages={35--ff},
  year={1997},
  organization={ACM}
}
@article{bowman2001testbed,
  title={Testbed evaluation of virtual environment interaction techniques},
  author={Bowman, Doug A and Johnson, Donald B and Hodges, Larry F},
  journal={Presence: Teleoperators \& Virtual Environments},
  volume={10},
  number={1},
  pages={75--95},
  year={2001},
  publisher={MIT Press}
}
@article{mine1995isaac,
  title={ISAAC: A virtual environment tool for the interactive construction of virtual worlds},
  author={Mine, Mark},
  journal={UNC Chapel Hill Computer Science Technical Report TR95-020},
  year={1995},
  publisher={Citeseer}
}
@inproceedings{wloka1995virtual,
  title={The virtual tricorder: a uniform interface for virtual reality},
  author={Wloka, Matthias M and Greenfield, Eliot},
  booktitle={Proceedings of the 8th annual ACM symposium on User interface and software technology},
  pages={39--40},
  year={1995},
  organization={ACM}
}
@article{azuma1997survey,
  title={A survey of augmented reality},
  author={Azuma, Ronald T},
  journal={Presence: Teleoperators and virtual environments},
  volume={6},
  number={4},
  pages={355--385},
  year={1997},
  publisher={MIT Press}
}
@techreport{bowman1995user,
  title={User interface constraints for immersive virtual environment applications},
  author={Bowman, Douglas A and Hodges, Larry F},
  year={1995},
  institution={Georgia Institute of Technology}
}
@article{bowman2001pinchgloves,
  title={{Using pinch gloves (TM) for both natural and abstract interaction techniques in virtual environments}},
  author={Bowman, Doug and Wingrave, Chadwick and Campbell, Joshua and Ly, Vinh},
  year={2001}
}
@inproceedings{bowman2001design,
  title={Design and evaluation of menu systems for immersive virtual environments},
  author={Bowman, Doug A and Wingrave, Chadwick A},
  booktitle={Virtual Reality, 2001. Proceedings. IEEE},
  pages={149--156},
  year={2001},
  organization={IEEE}
}
@article{bowman2006new,
  title={New directions in 3D user interfaces.},
  author={Bowman, Doug A and Chen, Jian and Wingrave, Chadwick A and Lucas, John F and Ray, Andrew and Polys, Nicholas F and Li, Qing and Haciahmetoglu, Yonca and Kim, Ji-Sun and Kim, Seonho and others},
  journal={IJVR},
  volume={5},
  number={2},
  pages={3--14},
  year={2006}
}
@inproceedings{wozniak2016possible,
  title={Possible applications of the LEAP motion controller for more interactive simulated experiments in augmented or virtual reality},
  author={Wozniak, Peter and Vauderwange, Oliver and Mandal, Avikarsha and Javahiraly, Nicolas and Curticapean, Dan},
  booktitle={Optics Education and Outreach IV},
  volume={9946},
  pages={99460P},
  year={2016},
  organization={International Society for Optics and Photonics}
}
@techreport{bowman1996evaluation,
  title={Evaluation of Movement Control Techniques for Immersive Virtual Environments},
  author={Bowman, Douglas A and Koller, David and Hodges, Larry F},
  year={1996},
  institution={Georgia Institute of Technology}
}
@inproceedings{czerwinski1999contribution,
  title={The Contribution of Thumbnail Image, Mouse-over Text and Spatial Location Memory to Web Page Retrieval in 3D.},
  author={Czerwinski, Mary and Van Dantzich, Maarten and Robertson, George G and Hoffman, Hunter G},
  booktitle={INTERACT},
  pages={163--170},
  year={1999}
}
@article{akiduki2003visual,
  title={Visual-vestibular conflict induced by virtual reality in humans},
  author={Akiduki, Hironori and Nishiike, Suetaka and Watanabe, Hiroshi and Matsuoka, Katsunori and Kubo, Takeshi and Takeda, Noriaki},
  journal={Neuroscience letters},
  volume={340},
  number={3},
  pages={197--200},
  year={2003},
  publisher={Elsevier}
}
@article{milgram1994taxonomy,
  title={A taxonomy of mixed reality visual displays},
  author={Milgram, Paul and Kishino, Fumio},
  journal={IEICE TRANSACTIONS on Information and Systems},
  volume={77},
  number={12},
  pages={1321--1329},
  year={1994},
  publisher={The Institute of Electronics, Information and Communication Engineers}
}
@inproceedings{bozgeyikli2016point,
  title={Point \& teleport locomotion technique for virtual reality},
  author={Bozgeyikli, Evren and Raij, Andrew and Katkoori, Srinivas and Dubey, Rajiv},
  booktitle={Proceedings of the 2016 Annual Symposium on Computer-Human Interaction in Play},
  pages={205--216},
  year={2016},
  organization={ACM}
}
@inproceedings{sutherland1968head,
  title={A head-mounted three dimensional display},
  author={Sutherland, Ivan E},
  booktitle={Proceedings of the December 9-11, 1968, fall joint computer conference, part I},
  pages={757--764},
  year={1968},
  organization={ACM}
}
@article{billinghurst2015survey,
  title={A survey of augmented reality},
  author={Billinghurst, Mark and Clark, Adrian and Lee, Gun and others},
  journal={Foundations and Trends{\textregistered} in Human--Computer Interaction},
  volume={8},
  number={2-3},
  pages={73--272},
  year={2015},
  publisher={Now Publishers, Inc.}
}
@inproceedings{burdea1999keynote,
  title={Keynote address: haptics feedback for virtual reality},
  author={Burdea, Grigore C},
  booktitle={Proceedings of international workshop on virtual prototyping. Laval, France},
  pages={87--96},
  year={1999}
}
@inproceedings{warren2017omni,
  title={User experience with semi-natural locomotion techniques in virtual reality: the case of the Virtuix Omni},
  author={Warren, Lawrence E and Bowman, Doug A},
  booktitle={Proceedings of the 5th Symposium on Spatial User Interaction},
  pages={163--163},
  year={2017},
  organization={ACM}
}
@article{alger2015visual,
  title={Visual design methods for virtual reality},
  author={Alger, Mike},
  journal={Ravensbourne. http://aperturesciencellc.com/vr/VisualDesignMethodsforVR\_MikeAlger. pdf},
  year={2015}
}
@article{sanchez2005presence,
  title={From presence to consciousness through virtual reality},
  author={Sanchez-Vives, Maria V and Slater, Mel},
  journal={Nature Reviews Neuroscience},
  volume={6},
  number={4},
  pages={332--339},
  year={2005},
  publisher={Nature Publishing Group}
}
@techreport{bowman1994wimp,
  title={WiMP (Widgets, Menus, and Pointing) Design Tools for Virtual Environments},
  author={Bowman, Douglas A and Hodges, Larry F},
  year={1994},
  institution={Georgia Institute of Technology}
}
@inproceedings{stoakley1995virtual,
  title={Virtual reality on a WIM: interactive worlds in miniature},
  author={Stoakley, Richard and Conway, Matthew J and Pausch, Randy},
  booktitle={Proceedings of the SIGCHI conference on Human factors in computing systems},
  pages={265--272},
  year={1995},
  organization={ACM Press/Addison-Wesley Publishing Co.}
}
@article{bowman2001testbed,
  title={Testbed evaluation of virtual environment interaction techniques},
  author={Bowman, Doug A and Johnson, Donald B and Hodges, Larry F},
  journal={Presence: Teleoperators and Virtual Environments},
  volume={10},
  number={1},
  pages={75--95},
  year={2001},
  publisher={MIT Press}
}
@article{bowman1999formalizing,
  title={Formalizing the design, evaluation, and application of interaction techniques for immersive virtual environments},
  author={Bowman, Doug A and Hodges, Larry F},
  journal={Journal of Visual Languages \& Computing},
  volume={10},
  number={1},
  pages={37--53},
  year={1999},
  publisher={Elsevier}
}
@article{shneiderman2003not,
  title={Why not make interfaces better than 3d reality?},
  author={Shneiderman, Ben},
  journal={IEEE Computer Graphics and Applications},
  volume={23},
  number={6},
  pages={12--15},
  year={2003},
  publisher={IEEE}
}
@inproceedings{elliott2015virtual,
  title={Virtual reality in software engineering: Affordances, applications, and challenges},
  author={Elliott, Anthony and Peiris, Brian and Parnin, Chris},
  booktitle={Software Engineering (ICSE), 2015 IEEE/ACM 37th IEEE International Conference on},
  volume={2},
  pages={547--550},
  year={2015},
  organization={IEEE}
}
@misc{fortevfx1,
  title = {{VR Wiki - Forte VFX1}},
  howpublished = {\url{http://vrwiki.wikispaces.com/Forte+VFX1}},
  note = {Accessed: 2017-11-10}
}
@article{bar2003haptic,
  title={Haptic devices for virtual reality, telepresence, and human-assistive robotics},
  author={Bar-Cohen, Yoseph},
  journal={Biol Inspired Intell Robots},
  volume={122},
  pages={73},
  year={2003}
}
