@inproceedings{Fender15,
 author = {Fender, Andreas and M\"{u}ller, J\"{o}rg and Lindlbauer, David},
 title = {Creature Teacher: A Performance-Based Animation System for Creating Cyclic Movements},
 booktitle = {Proceedings of the 3rd ACM Symposium on Spatial User Interaction},
 series = {SUI '15},
 year = {2015},
 isbn = {978-1-4503-3703-8},
 location = {Los Angeles, California, USA},
 pages = {113--122},
 numpages = {10},
 url = {http://doi.acm.org/10.1145/2788940.2788944},
 doi = {10.1145/2788940.2788944},
 acmid = {2788944},
 publisher = {ACM},
 address = {New York, NY, USA},
 keywords = {3d interaction and graphics, 3d user interface, animation, performance-based, virtual reality},
} 

@inproceedings{Poupyrev96,
 author = {Poupyrev, Ivan and Billinghurst, Mark and Weghorst, Suzanne and Ichikawa, Tadao},
 title = {The Go-go Interaction Technique: Non-linear Mapping for Direct Manipulation in VR},
 booktitle = {Proceedings of the 9th Annual ACM Symposium on User Interface Software and Technology},
 series = {UIST '96},
 year = {1996},
 isbn = {0-89791-798-7},
 location = {Seattle, Washington, USA},
 pages = {79--80},
 numpages = {2},
 url = {http://doi.acm.org/10.1145/237091.237102},
 doi = {10.1145/237091.237102},
 acmid = {237102},
 publisher = {ACM},
 address = {New York, NY, USA},
 keywords = {3D user interface, user interface metaphor, virtual reality},
} 

@inproceedings{Zhai94,
 author = {Zhai, Shumin and Buxton, William and Milgram, Paul},
 title = {The \&Ldquo;Silk Cursor\&Rdquo;: Investigating Transparency for 3D Target Acquisition},
 booktitle = {Proceedings of the SIGCHI Conference on Human Factors in Computing Systems},
 series = {CHI '94},
 year = {1994},
 isbn = {0-89791-650-6},
 location = {Boston, Massachusetts, USA},
 pages = {459--464},
 numpages = {6},
 url = {http://doi.acm.org/10.1145/191666.191822},
 doi = {10.1145/191666.191822},
 acmid = {191822},
 publisher = {ACM},
 address = {New York, NY, USA},
 keywords = {3D interface, Fitts' law, depth perception, input, interaction technique, target acquisition, virtual reality},
} 
